%% Saved with string encoding Unicode (UTF-8) 

@inproceedings{spielman2010algorithms,
  title={Algorithms, graph theory, and linear equations in Laplacian matrices},
  author={Spielman, Daniel A},
  booktitle={Proceedings of the International Congress of Mathematicians},
  volume={4},
  pages={2698--2722},
  year={2010}
}

@inproceedings{abraham2012using,
  title={Using petal-decompositions to build a low stretch spanning tree},
  author={Abraham, Ittai and Neiman, Ofer},
  booktitle={Proceedings of the 44th symposium on Theory of Computing},
  pages={395--406},
  year={2012},
  organization={ACM}
}

@inproceedings{hamze2006information,
  title={Information theory tools to rank MCMC algorithms on probabilistic graphical models},
  author={Hamze, Firas and Rivasseau, Jean-Noel and de Freitas, Nando},
  booktitle={Proceedings of the UCSD Workshop on Information Theory and its Applications Invited Paper, San Diego, CA},
  year={2006}
}

@inproceedings{hamze2004fields,
  title={From fields to trees},
  author={Hamze, Firas and de Freitas, Nando},
  booktitle={Proceedings of the 20th conference on Uncertainty in artificial intelligence},
  pages={243--250},
  year={2004},
  organization={AUAI Press}
}

@article{liu1994covariance,
  title={Covariance structure of the Gibbs sampler with applications to the comparisons of estimators and augmentation schemes},
  author={Liu, Jun S and Wong, Wing Hung and Kong, Augustine},
  journal={Biometrika},
  volume={81},
  number={1},
  pages={27--40},
  year={1994},
  publisher={Biometrika Trust}
}

@phdthesis{rivasseau2005jungle,
  title={From the jungle to the garden: Growing trees for Markov Chain Monte Carlo inference in undirected graphical models},
  author={Rivasseau, Jean-No{\"e}l},
  year={2005},
  school={Citeseer}
}

@inbook{alon2004probabilistic,
	Author = {Alon, N. and Spencer, J.H.},
	Chapter = {Appendix A.2},
	Isbn = {9780471653981},
	Publisher = {Wiley},
	Series = {Wiley-Interscience series in discrete mathematics and optimization},
	Title = {The Probabilistic Method},
	Url = {http://books.google.com/books?id=q3lUjheWiMoC},
	Year = {2004},
	Bdsk-Url-1 = {http://books.google.com/books?id=q3lUjheWiMoC}}

@article{slud1977distribution,
	Author = {Slud, Eric V},
	Journal = {The Annals of Probability},
	Number = {3},
	Pages = {404--412},
	Publisher = {Institute of Mathematical Statistics},
	Title = {Distribution inequalities for the binomial law},
	Volume = {5},
	Year = {1977}}

@article{joag1983negative,
	Author = {Joag-Dev, Kumar and Proschan, Frank},
	Journal = {The Annals of Statistics},
	Number = {1},
	Pages = {286--295},
	Publisher = {Institute of Mathematical Statistics},
	Title = {Negative association of random variables with applications},
	Volume = {11},
	Year = {1983}}

@article{mcdiarmid1989method,
	Author = {McDiarmid, Colin},
	Journal = {Surveys in combinatorics},
	Number = {1},
	Pages = {148--188},
	Title = {On the method of bounded differences},
	Volume = {141},
	Year = {1989}}

@article{dubhashi1998concentration,
	Author = {Dubhashi, D and Panconesi, Alessandro and others},
	Title = {Concentration of measure for the analysis of randomised algorithms}}

@book{mitzenmacher2005probability,
	Author = {Mitzenmacher, M. and Upfal, E.},
	Isbn = {9780521835404},
	Lccn = {2004054540},
	Publisher = {Cambridge University Press},
	Title = {Probability and Computing: Randomized Algorithms and Probabilistic Analysis},
	Url = {http://books.google.com/books?id=0bAYl6d7hvkC},
	Year = {2005},
	Bdsk-Url-1 = {http://books.google.com/books?id=0bAYl6d7hvkC}}
	
@article{miller1997separators,
  title={Separators for sphere-packings and nearest neighbor graphs},
  author={Miller, Gary L and Teng, Shang-Hua and Thurston, William and Vavasis, Stephen A},
  journal={Journal of the ACM (JACM)},
  volume={44},
  number={1},
  pages={1--29},
  year={1997},
  publisher={ACM}
}

@inproceedings{koutis2010approaching,
  title={Approaching optimality for solving SDD linear systems},
  author={Koutis, Ioannis and Miller, Gary L and Peng, Richard},
  booktitle={Foundations of Computer Science (FOCS), 2010 51st Annual IEEE Symposium on},
  pages={235--244},
  year={2010},
  organization={IEEE}
}

@inproceedings{tsourakakis2009doulion,
  title={DOULION: counting triangles in massive graphs with a coin},
  author={Tsourakakis, Charalampos E and Kang, U and Miller, Gary L and Faloutsos, Christos},
  booktitle={Proceedings of the 15th ACM SIGKDD international conference on Knowledge discovery and data mining},
  pages={837--846},
  year={2009},
  organization={ACM}
}

@inproceedings{gremban1995performance,
  title={Performance evaluation of a new parallel preconditioner},
  author={Gremban, Keith D and Miller, Gary L and Zagha, Marco},
  booktitle={Parallel Processing Symposium, 1995. Proceedings., 9th International},
  pages={65--69},
  year={1995},
  organization={IEEE}
}

@inproceedings{lee2013new,
  title={A new approach to computing maximum flows using electrical flows.},
  author={Lee, Yin Tat and Rao, Satish and Srivastava, Nikhil},
  booktitle={STOC},
  pages={755--764},
  year={2013}
}

