%% Saved with string encoding Unicode (UTF-8) 
%% These come from Elara's old .bib file

@inproceedings{spielman2010algorithms,
  title={Algorithms, graph theory, and linear equations in Laplacian matrices},
  author={Spielman, Daniel A},
  booktitle={Proceedings of the International Congress of Mathematicians},
  volume={4},
  pages={2698--2722},
  year={2010}
}

@inproceedings{abraham2012using,
  title={Using petal-decompositions to build a low stretch spanning tree},
  author={Abraham, Ittai and Neiman, Ofer},
  booktitle={Proceedings of the 44th symposium on Theory of Computing},
  pages={395--406},
  year={2012},
  organization={ACM}
}

@inproceedings{hamze2006information,
  title={Information theory tools to rank MCMC algorithms on probabilistic graphical models},
  author={Hamze, Firas and Rivasseau, Jean-Noel and de Freitas, Nando},
  booktitle={Proceedings of the UCSD Workshop on Information Theory and its Applications Invited Paper, San Diego, CA},
  year={2006}
}

@inproceedings{hamze2004fields,
  title={From fields to trees},
  author={Hamze, Firas and de Freitas, Nando},
  booktitle={Proceedings of the 20th conference on Uncertainty in artificial intelligence},
  pages={243--250},
  year={2004},
  organization={AUAI Press}
}

@article{liu1994covariance,
  title={Covariance structure of the Gibbs sampler with applications to the comparisons of estimators and augmentation schemes},
  author={Liu, Jun S and Wong, Wing Hung and Kong, Augustine},
  journal={Biometrika},
  volume={81},
  number={1},
  pages={27--40},
  year={1994},
  publisher={Biometrika Trust}
}

@phdthesis{rivasseau2005jungle,
  title={From the jungle to the garden: Growing trees for Markov Chain Monte Carlo inference in undirected graphical models},
  author={Rivasseau, Jean-No{\"e}l},
  year={2005},
  school={Citeseer}
}
