
@article{berger96maxentnlp,
 author = {Berger, Adam L. and Pietra, Vincent J. Della and Pietra,
           Stephen A. Della},
 title = {A Maximum Entropy Approach to Natural Language Processing},
 journal = {Comput. Linguist.},
 issue_date = {March 1996},
 volume = {22},
 number = {1},
 month = mar,
 year = {1996},
 pages = {39--71},
 publisher = {MIT Press},
 address = {Cambridge, MA, USA},
} 

@incollection{bryan06activelevelsets,
 title = {Active Learning For Identifying Function Threshold Boundaries},
 author = {Brent Bryan and Jeff Schneider and Robert Nichol and Christopher
           Miller and Christopher Genovese and Larry Wasserman},
 booktitle = {{Advances in Neural Information Processing Systems 18}},
 publisher = {MIT Press},
 address = {Cambridge, MA},
 pages = {163--170},
 year = {2006}
}

@phdthesis{bryan07phdthesis,
 author = {Bryan, Brent},
 advisor = {Schneider, Jeff},
 title = {Actively Learning Specific Function Properties with Applications to
          Statistical Inference},
 year = {2007},
 publisher = {Carnegie Mellon University},
 address = {Pittsburgh, PA, USA},
} 

@book{robert05mcstatmethods,
 author = {Robert, Christian P. and Casella, George},
 title = {{Monte Carlo Statistical Methods (Springer Texts in Statistics)}},
 year = {2005},
 publisher = {Springer-Verlag New York, Inc.},
 address = {Secaucus, NJ, USA},
} 

@article{cohn96alstatmodels,
  author    = {David A. Cohn and
               Zoubin Ghahramani and
               Michael I. Jordan},
  title     = {{Active Learning with Statistical Models}},
  journal   = {J. Artif. Intell. Res. (JAIR)},
  volume    = {4},
  year      = {1996},
  pages     = {129-145},
}

@inproceedings{kapoor07algpsincv, 
  author={Kapoor, A. and Grauman, K. and Urtasun, R. and Darrell, T.}, 
  booktitle={{Computer Vision, 2007. ICCV 2007. IEEE 11th International
              Conference on}}, 
  title= {{Active Learning with Gaussian Processes for Object Categorization}}, 
  year={2007}, 
  pages={1-8}, 
}

@inproceedings{krause07nonmyopical,
 author = {Krause, Andreas and Guestrin, Carlos},
 title = {{Nonmyopic Active Learning of Gaussian Processes: An
           Exploration-exploitation Approach}},
 booktitle = {Proceedings of the 24th International Conference on Machine Learning},
 series = {ICML '07},
 year = {2007},
 pages = {449--456},
 numpages = {8},
 publisher = {ACM},
 address = {New York, NY, USA},
} 


@article{fukumizu13kbr,
  author  = {Kenji Fukumizu and Le Song and Arthur Gretton},
  title   = {{Kernel Bayes' Rule: Bayesian Inference with Positive Definite
              Kernels}},
  journal = {{Journal of Machine Learning Research}},
  year    = {2014},
  volume  = {14},
  pages   = {3753-3783},
}

@inproceedings{guestrin05sensorgps,
  author = {Carlos Guestrin and Andreas Krause and Ajit Singh},
  title = {{Near-optimal Sensor Placements in {G}aussian Processes}},
  booktitle = {International Conference on Machine Learning (ICML)},
  month = {August},
  year = {2005},
}

@book{landau05mcmcstatphysics,
 author = {Landau, David and Binder, Kurt},
 title = {{A Guide to Monte Carlo Simulations in Statistical Physics}},
 year = {2005},
 isbn = {0521842387},
 publisher = {Cambridge University Press},
 address = {New York, NY, USA},
} 

@article{liu94covargibbs,
    author = {Liu, J. S. and Wong, W. H. and Kong, A.},
    journal = {Biometrika},
    month = mar,
    number = {1},
    pages = {27--40},
    title = {{Covariance structure of the Gibbs sampler with applications to
              the comparisons of estimators and augmentation schemes}},
    volume = {81},
    year = {1994}
}

@book{liu01mcmcscicomp,
  author = "Jun S. Liu",
  title = {{Monte Carlo strategies in Scientific computing}},
  publisher = "Springer",
  year = "2001",
  ISBN = "0387952306"
}

@Article{lewis02cosmoparams,
     author    = "Lewis, Antony and Bridle, Sarah",
     title     = {{Cosmological parameters from CMB and other data: a Monte-
                  Carlo approach}},
     journal   = "Physical Review",
     volume    = "D66",
     year      = "2002",
     pages     = "103511",
}

@book{mackay03infotheory,
  author =   "David J. C. MacKay",
  title =    {{Information Theory, Inference, and Learning Algorithms}},
  publisher={Cambridge University Press},
  year =   {2003}
}

@article{marin12abc,
  author    = {Jean-Michel Marin and
               Pierre Pudlo and
               Christian P. Robert and
               Robin J. Ryder},
  title     = {{Approximate Bayesian computational methods}},
  journal   = {Statistics and Computing},
  volume    = {22},
  number    = {6},
  year      = {2012},
  pages     = {1167-1180},
}

@techreport{neal93mcmc,
  author = {Neal, Radford M.},
  institution = {Dept. of Computer Science, University of Toronto},
  month = {September},
  title = {Probabilistic Inference using {M}arkov Chain {M}onte {C}arlo
           Methods},
  year = 1993
}

@article{marjoram03mcmcwolikl,
    author = {Marjoram, Paul and Molitor, John and Plagnol, Vincent and
              Tavar\'{e}, Simon},
    journal = {Proceedings of the National Academy of Sciences of the United
               States of America},
    keywords = {abc, bayesian},
    number = {26},
    pages = {15324--15328},
    publisher = {National Academy of Sciences},
    title = {{Markov Chain Monte Carlo without Likelihoods}},
    volume = {100},
    year = {2003}
}

@article {ottosen12mcmc,
  author="Thomas Amby Ottosen",
  title= {{Markov-Chain Monte-Carlo A Bayesian Approach to Statistical
           Mechanics}},
  year="2012",
}

@Article{parkinson06wmap3,
     author    = "Parkinson, David and Mukherjee, Pia and Liddle, Andrew R",
     title     = {{A Bayesian model selection analysis of WMAP3}},
     journal   = "Physical Review",
     volume    = "D73",
     year      = "2006",
     pages     = "123523",
}

@book{rasmussen06gps,
  title={{Gaussian Processes for Machine Learning}},
  author={Rasmussen, C.E. and Williams, C.K.I.},
  series={Adaptative computation and machine learning series},
  year={2006},
  publisher={University Press Group Limited}
}

@techreport{casella11mcmchistory,
  author={Casella, George and Robert, Christian P.},
  title={{A Short History of Markov Chain Monte Carlo: Subjective Recollections
          from Incomplete Data}},
  year=2011,
  institution={Paris Dauphine University},
  type={Economics Papers from University Paris Dauphine},
  number={123456789/3549},
  keywords={Metropolis-Hastings algorithm; simulation; Gibbs sampling; Monte Carlo}
}

@InProceedings{roy01towardoptimal,
    author = {Nicholas Roy and Andrew Mccallum},
    title = {{Toward Optimal Active Learning through Sampling Estimation of
             Error Reduction}},
    booktitle = {In Proc. 18th International Conf. on Machine Learning},
    year = {2001},
    pages = {441--448},
    publisher = {Morgan Kaufmann}
}

@article{peters12mcmcabc,
  author    = {Gareth W. Peters and
               Y. Fan and
               Scott A. Sisson},
  title     = {{On sequential Monte Carlo, partial rejection control and
               approximate Bayesian computation}},
  journal   = {Statistics and Computing},
  volume    = {22},
  number    = {6},
  year      = {2012},
  pages     = {1209-1222},
}

@Online{schmidt07ugm,
author = {Schmidt, Mark},
title = {{UGM: Matlab Code for Undirected Graphical Models}},
year = {2007},
url = {http://www.di.ens.fr/~mschmidt/Software/UGM.html}
}

@TechReport{settles10alsurvey,
  author = "Burr Settles",
  title = {{Active Learning Literature Survey}},
  institution = "",
  year = "2010"
}

@misc{seung92querybycommittee,
    author = {H. S. Seung and M. Opper and H. Sompolinsky},
    title = {{Query by Committee}},
    year = {1992}
}

@inproceedings{song09cme,
  author    = {Le Song and
               Jonathan Huang and
               Alexander J. Smola and
               Kenji Fukumizu},
  title     = {{Hilbert Space Embeddings of Conditional distributions with
               applications to dynamical systems}},
  booktitle = {ICML},
  year      = {2009},
  pages     = {121},
}

@InProceedings{zhu03active,
    author = {Xiaojin Zhu and John Lafferty and Zoubin Ghahramani},
    title = {{Combining Active Learning and Semi-Supervised Learning
             Using Gaussian Fields and Harmonic Functions}},
    booktitle = {ICML 2003 workshop on The Continuum from Labeled to Unlabeled
                 Data in Machine Learning and Data Mining},
    year = {2003},
    pages = {58--65}
}
